<record><leader>00000cas a22000007a 4500</leader><controlfield tag="001">12889780</controlfield><controlfield tag="008">851210d1817181uwvuwr ne      0    0eng d</controlfield><datafield ind1=" " ind2=" " tag="010"><subfield code="a">sn 85059770 </subfield></datafield><datafield ind1=" " ind2=" " tag="040"><subfield code="a">WVC</subfield><subfield code="b">eng</subfield><subfield code="c">WVC</subfield><subfield code="d">DLC</subfield><subfield code="d">OCL</subfield><subfield code="d">NVK</subfield><subfield code="d">OCL</subfield><subfield code="d">DLC</subfield><subfield code="d">OCLCF</subfield></datafield><datafield ind1="1" ind2=" " tag="029"><subfield code="a">AU@</subfield><subfield code="b">000025809117</subfield></datafield><datafield ind1=" " ind2=" " tag="042"><subfield code="a">msc</subfield></datafield><datafield ind1=" " ind2=" " tag="043"><subfield code="a">n-us-wv</subfield></datafield><datafield ind1="0" ind2="0" tag="050"><subfield code="a">Newspaper</subfield></datafield><datafield ind1="0" ind2=" " tag="130"><subfield code="a">American eagle (Shepherdstown, Va.)</subfield></datafield><datafield ind1="1" ind2="4" tag="245"><subfield code="a">The American eagle.</subfield></datafield><datafield ind1=" " ind2=" " tag="260"><subfield code="a">Shepherdstown, Va. [W. Va.] :</subfield><subfield code="b">Robinson and Harper</subfield></datafield><datafield ind1=" " ind2=" " tag="300"><subfield code="a">v. ;</subfield><subfield code="c">46 cm.</subfield></datafield><datafield ind1=" " ind2=" " tag="310"><subfield code="a">Weekly</subfield></datafield><datafield ind1="1" ind2=" " tag="362"><subfield code="a">Began in July 1817?</subfield><subfield code="z">Cf. Norona and Shetler.  W.Va. Imprints.</subfield></datafield><datafield ind1=" " ind2=" " tag="588"><subfield code="a">Description based on: Vol. 3, no. 45 (Jan. 7, 1819).</subfield></datafield><datafield ind1=" " ind2="0" tag="651"><subfield code="a">Shepherdstown (W. Va.)</subfield><subfield code="v">Newspapers.</subfield></datafield><datafield ind1=" " ind2="7" tag="655"><subfield code="a">Newspapers.</subfield><subfield code="2">fast</subfield><subfield code="0">(OCoLC)fst01423814</subfield></datafield><datafield ind1=" " ind2="7" tag="651"><subfield code="a">West Virginia</subfield><subfield code="z">Shepherdstown.</subfield><subfield code="2">fast</subfield><subfield code="0">(OCoLC)fst01229532</subfield></datafield><datafield ind1=" " ind2=" " tag="752"><subfield code="a">United States</subfield><subfield code="b">West Virginia</subfield><subfield code="c">Jefferson</subfield><subfield code="d">Shepherdstown.</subfield></datafield><datafield ind1="0" ind2="0" tag="780"><subfield code="t">American eagle, and Shepherd's-town weekly advertiser</subfield><subfield code="w">(DLC)sn 85059807</subfield><subfield code="w">(OCoLC)13048065</subfield></datafield></record>